@book{miyajima-calculus,
  title = {微分積分学I·II},
  author = {宮島, 静雄},
  year = {2003},
  publisher = {共立出版},
  sortname = {みやじましずお},
  langid = {japanese}
}
@book{miyajima-functional-analysis,
  title = {関数解析},
  author = {宮島, 静雄},
  year = {2005},
  publisher = {横浜図書},
  sortname = {みやじましずお},
  langid = {japanese}
}
